<record><leader>00000cas a22000007a 4500</leader><controlfield tag="001">28487150</controlfield><controlfield tag="008">930722d194919uuokuwr ne      0    0eng d</controlfield><datafield ind1=" " ind2=" " tag="010"><subfield code="a">sn 93066117 </subfield></datafield><datafield ind1=" " ind2=" " tag="040"><subfield code="a">OBN</subfield><subfield code="b">eng</subfield><subfield code="c">OBN</subfield><subfield code="d">OCL</subfield><subfield code="d">OCLCQ</subfield><subfield code="d">OCLCF</subfield><subfield code="d">OCLCO</subfield></datafield><datafield ind1="1" ind2=" " tag="029"><subfield code="a">AU@</subfield><subfield code="b">000020746847</subfield></datafield><datafield ind1=" " ind2=" " tag="042"><subfield code="a">msc</subfield></datafield><datafield ind1="0" ind2=" " tag="130"><subfield code="a">Antlers democrat (Antlers, Okla. : 1949)</subfield></datafield><datafield ind1="0" ind2="0" tag="245"><subfield code="a">Antlers democrat.</subfield></datafield><datafield ind1=" " ind2=" " tag="260"><subfield code="a">Antlers, Okla. :</subfield><subfield code="b">C. Roberson</subfield></datafield><datafield ind1=" " ind2=" " tag="300"><subfield code="a">v.</subfield></datafield><datafield ind1=" " ind2=" " tag="310"><subfield code="a">Weekly</subfield></datafield><datafield ind1="0" ind2=" " tag="362"><subfield code="a">Vol. 2, no. 40 (June 16, 1949)-</subfield></datafield><datafield ind1=" " ind2="0" tag="651"><subfield code="a">Antlers (Okla.)</subfield><subfield code="v">Newspapers.</subfield></datafield><datafield ind1=" " ind2="0" tag="651"><subfield code="a">Pushmataha County (Okla.)</subfield><subfield code="v">Newspapers.</subfield></datafield><datafield ind1=" " ind2="7" tag="655"><subfield code="a">Newspapers.</subfield><subfield code="2">fast</subfield><subfield code="0">(OCoLC)fst01423814</subfield></datafield><datafield ind1=" " ind2="7" tag="651"><subfield code="a">Oklahoma</subfield><subfield code="z">Antlers.</subfield><subfield code="2">fast</subfield><subfield code="0">(OCoLC)fst01230452</subfield></datafield><datafield ind1=" " ind2="7" tag="651"><subfield code="a">Oklahoma</subfield><subfield code="z">Pushmataha County.</subfield><subfield code="2">fast</subfield><subfield code="0">(OCoLC)fst01209299</subfield></datafield><datafield ind1=" " ind2=" " tag="752"><subfield code="a">United States</subfield><subfield code="b">Oklahoma</subfield><subfield code="c">Pushmataha</subfield><subfield code="d">Antlers.</subfield></datafield><datafield ind1="0" ind2="0" tag="780"><subfield code="t">Antlers herald</subfield><subfield code="w">(DLC)sn 93066116</subfield><subfield code="w">(OCoLC)28487087</subfield></datafield></record>